@inproceedings{InstantRadiosity,
    author = "Alexander Keller",
    title = "Instant radiosity",
    journal = "24th annual conference on Computer graphics and interactive techniques (SIGGRAPH ’97)",
    publisher = "ACM Press/Addison-Wesley Publishing Co., New York, NY, USA",
    year = "1997",
    pages = "49--56",
    language = "english"
}

@inproceedings{LightPropagationVolumes,
    author = "Anton Kaplanyan and Carsten Dachsbacher",
    title = "Cascaded light propagation volumes for real-time indirect illumination",
    journal = "2010 ACM SIGGRAPH symposium on Interactive 3D Graphics and Games (I3D ’10)",
    publisher = "ACM, New York, NY, USA",
    year = "2010",
    pages = "99--107",
    language = "english"
}

@inproceedings{ReflectiveShadowMaps,
    author = "Carsten Dachsbacher and Marc Stamminger",
    title = "Reflective shadow maps",
    journal = "2005 symposium on Interactive 3D graphics and games (I3D ’05)",
    publisher = "ACM, New York, NY, USA",
    year = "2005",
    pages = "203--231",
    language = "english"
}

@inproceedings{Radiosity,
    author = "Cindy M. Goral, Kenneth E. Torrance, Donald P. Greenberg and Bennett Battaile",
    title = "Modeling the interaction of light between diffuse surfaces",
    journal = "11th annual conference on Computer graphics and interactive techniques (SIGGRAPH ’84)",
    publisher = "ACM, New York, NY, USA",
    year = "1984",
    pages = "213--222",
    language = "english"
}

@article{VoxelConeTracing,
    author = "Cyril Crassin, Fabrice Neyret, Miguel Sainz and Simon Green",
    title = "Interactive indirect illumination using voxelbased cone tracing: an insight",
    journal = "ACM SIGGRAPH 2011 Talks (SIGGRAPH ’11)",
    publisher = "ACM, New York, NY, USA",
    year = "2011",
    number = "20",
    language = "english"
}

@inproceedings{Radiosity2,
    author = "Greg Coombe, Mark J. Harris and Anselmo Lastra",
    title = "Radiosity on graphics hardware",
    journal = "Graphics Interface 2004 (GI ’04)",
    publisher = "Canadian Human-Computer Communications Society, School of Computer Science, University of Waterloo, Waterloo, Ontario, Canada",
    year = "2004",
    pages = "161--168",
    language = "english"
}

@inproceedings{SphericalHarmonics,
    author = "Ian G. Lisle and S.-L. Tracy Huang",
    title = "Algorithms for spherical harmonic lighting",
    journal = "5th international conference on Computer graphics and interactive techniques in Australia and Southeast Asia (GRAPHITE’07)",
    publisher = "ACM, New York, NY, USA",
    year = "2007",
    pages = "235--238",
    language = "english"
}

@article{Radiosity3,
    author = "Jaroslav Krivanek, Pascal Gautron, Sumanta Pattanaik and Kadi Bouatouch",
    title = "Radiance caching for efficient global illumination computation",
    journal = "In ACM SIGGRAPH 2008 classes (SIGGRAPH ’08)",
    publisher = "ACM, New York, NY, USA",
    year = "2008",
    number = "75",
    language = "english"
}

@inproceedings{ShadowMaps,
    author = "Michael Wimmer, Daniel Scherzer and Werner Purgathofer",
    title = "Light space perspective shadow maps",
    journal = "Fifteenth Eurographics conference on Rendering Techniques (EGSR’04)",
    publisher = "Eurographics Association, Aire-la-Ville, Switzerland, Switzerland",
    year = "2004",
    pages = "143--151",
    language = "english"
}

@inproceedings{GPURadiosity,
    author = "Nathan A. Carr, Jesse D. Hall and John C. Hart",
    title = "GPU algorithms for radiosity and subsurface scattering",
    journal = "ACM SIGGRAPH/EUROGRAPHICS conference on Graphics hardware (HWWS ’03)",
    publisher = "Eurographics Association, Aire-la-Ville, Switzerland, Switzerland",
    year = "2003",
    pages = "51--59",
    language = "english"
}

@misc{Enlighten,
    author = "Sam Martin, Per Einarsson",
    title = "A Real Time Radiosity Architecture for Video Games",
    journal = "Siggraph 2010",
    year = "2010",
    language = "english",
    url = "advances.realtimerendering.com/s2010/Martin-Einarsson-RadiosityArchitecture(SIGGRAPH\%202010\%20Advanced\%20RealTime\%20Rendering\%20Course).pdf"
}

@article{Simplification,
	author = "Щербаков А., Фролов В.",
	title = "Автоматическое упрощение геометрии для расчёта вторичной освещенности методом излучательности",
	journal = "Сборник трудов Графикон 2016",
	year = "2016",
	language = "russian",
	pages = "34--38"
}

@Article{DDP99,
  author       = "Durand, Fr\'edo and Drettakis, George and Puech, Claude",
  title        = "Fast and Accurate Hierarchical Radiosity Using Global Visibility",
  journal      = "ACM Transactions on Graphics",
  month        = "Apr",
  year         = "1999",
  url          = "http://www-sop.inria.fr/reves/Basilic/1999/DDP99"
}

@book{RadiosityGI,
	author = "Francois X. Sillion and Claude Puech",
    title = {Radiosity \& Global Illumination},
    publisher = "Morgan Kaufmann publisher, inc. San Francisco, California",
    year = "1994",
    numpages = "251",
    language = "english"
}